<!DOCTYPE html>
<meta charset="utf-8" />
<!-- version 1 -->
<title>[Gen 9] VGC 2023 Regulation D replay: rapid117 vs. yasu1000</title>
<style>
html,body {font-family:Verdana, sans-serif;font-size:10pt;margin:0;padding:0;}body{padding:12px 0;} .battle-log {font-family:Verdana, sans-serif;font-size:10pt;} .battle-log-inline {border:1px solid #AAAAAA;background:#EEF2F5;color:black;max-width:640px;margin:0 auto 80px;padding-bottom:5px;} .battle-log .inner {padding:4px 8px 0px 8px;} .battle-log .inner-preempt {padding:0 8px 4px 8px;} .battle-log .inner-after {margin-top:0.5em;} .battle-log h2 {margin:0.5em -8px;padding:4px 8px;border:1px solid #AAAAAA;background:#E0E7EA;border-left:0;border-right:0;font-family:Verdana, sans-serif;font-size:13pt;} .battle-log .chat {vertical-align:middle;padding:3px 0 3px 0;font-size:8pt;} .battle-log .chat strong {color:#40576A;} .battle-log .chat em {padding:1px 4px 1px 3px;color:#000000;font-style:normal;} .chat.mine {background:rgba(0,0,0,0.05);margin-left:-8px;margin-right:-8px;padding-left:8px;padding-right:8px;} .spoiler {color:#BBBBBB;background:#BBBBBB;padding:0px 3px;} .spoiler:hover, .spoiler:active, .spoiler-shown {color:#000000;background:#E2E2E2;padding:0px 3px;} .spoiler a {color:#BBBBBB;} .spoiler:hover a, .spoiler:active a, .spoiler-shown a {color:#2288CC;} .chat code, .chat .spoiler:hover code, .chat .spoiler:active code, .chat .spoiler-shown code {border:1px solid #C0C0C0;background:#EEEEEE;color:black;padding:0 2px;} .chat .spoiler code {border:1px solid #CCCCCC;background:#CCCCCC;color:#CCCCCC;} .battle-log .rated {padding:3px 4px;} .battle-log .rated strong {color:white;background:#89A;padding:1px 4px;border-radius:4px;} .spacer {margin-top:0.5em;} .message-announce {background:#6688AA;color:white;padding:1px 4px 2px;} .message-announce a, .broadcast-green a, .broadcast-blue a, .broadcast-red a {color:#DDEEFF;} .broadcast-green {background-color:#559955;color:white;padding:2px 4px;} .broadcast-blue {background-color:#6688AA;color:white;padding:2px 4px;} .infobox {border:1px solid #6688AA;padding:2px 4px;} .infobox-limited {max-height:200px;overflow:auto;overflow-x:hidden;} .broadcast-red {background-color:#AA5544;color:white;padding:2px 4px;} .message-learn-canlearn {font-weight:bold;color:#228822;text-decoration:underline;} .message-learn-cannotlearn {font-weight:bold;color:#CC2222;text-decoration:underline;} .message-effect-weak {font-weight:bold;color:#CC2222;} .message-effect-resist {font-weight:bold;color:#6688AA;} .message-effect-immune {font-weight:bold;color:#666666;} .message-learn-list {margin-top:0;margin-bottom:0;} .message-throttle-notice, .message-error {color:#992222;} .message-overflow, .chat small.message-overflow {font-size:0pt;} .message-overflow::before {font-size:9pt;content:'...';} .subtle {color:#3A4A66;}
</style>
<div class="wrapper replay-wrapper" style="max-width:1180px;margin:0 auto">
<input type="hidden" name="replayid" value="gen9vgc2023regulationd-1900987506-9ravvzbqabg1oeqh94sb19t1k0l0rh4pw" />
<div class="battle"></div><div class="battle-log"></div><div class="replay-controls"></div><div class="replay-controls-2"></div>
<h1 style="font-weight:normal;text-align:center"><strong>[Gen 9] VGC 2023 Regulation D</strong><br /><a href="http://pokemonshowdown.com/users/rapid117" class="subtle" target="_blank">rapid117</a> vs. <a href="http://pokemonshowdown.com/users/yasu1000" class="subtle" target="_blank">yasu1000</a></h1>
<script type="text/plain" class="battle-log-data">|j|☆rapid117
|j|☆yasu1000

|t:|1688964075
|gametype|doubles
|player|p1|rapid117|linebacker|1000
|player|p2|yasu1000|2|1000
|teamsize|p1|6
|teamsize|p2|6
|gen|9
|tier|[Gen 9] VGC 2023 Regulation D
|rated|
|rule|Species Clause: Limit one of each Pokémon
|rule|Item Clause: Limit one of each item
|clearpoke
|poke|p1|Brambleghast, L50, M|
|poke|p1|Murkrow, L50, M|
|poke|p1|Glimmora, L50, M|
|poke|p1|Pawmot, L50, M|
|poke|p1|Glaceon, L50, M|
|poke|p1|Abomasnow, L50, M|
|poke|p2|Flutter Mane, L50|
|poke|p2|Chi-Yu, L50|
|poke|p2|Chien-Pao, L50|
|poke|p2|Dragonite, L50, F|
|poke|p2|Cresselia, L50, F|
|poke|p2|Ursaluna, L50, M|
|teampreview|4
|uhtml|otsrequest|<button name="send" value="\/acceptopenteamsheets" class="button" style="margin-right: 10px;"><strong>Accept Open Team Sheets<\/strong><\/button><button name="send" value="\/rejectopenteamsheets" class="button" style="margin-top: 10px"><strong>Deny Open Team Sheets<\/strong><\/button>
|
|t:|1688964112
|start
|uhtmlchange|otsrequest|
|switch|p1a: Brambleghast|Brambleghast, L50, M|100\/100
|switch|p1b: Murkrow|Murkrow, L50, M|100\/100
|switch|p2a: Flutter Mane|Flutter Mane, L50|155\/155
|switch|p2b: Chi-Yu|Chi-Yu, L50|131\/131
|-ability|p2b: Chi-Yu|Beads of Ruin
|turn|1
|
|t:|1688964129
|move|p1a: Brambleghast|Shadow Sneak|p2a: Flutter Mane
|-supereffective|p2a: Flutter Mane
|-damage|p2a: Flutter Mane|45\/155
|-enditem|p2a: Flutter Mane|Sitrus Berry|[eat]
|-heal|p2a: Flutter Mane|83\/155|[from] item: Sitrus Berry
|move|p1b: Murkrow|Tailwind|p1b: Murkrow
|-sidestart|p1: rapid117|move: Tailwind
|-ability|p1a: Brambleghast|Wind Rider|boost
|-boost|p1a: Brambleghast|atk|1
|move|p2b: Chi-Yu|Heat Wave|p1b: Murkrow|[spread] p1b
|-ability|p1a: Brambleghast|Wind Rider|boost
|-boost|p1a: Brambleghast|atk|1
|-damage|p1b: Murkrow|34\/100
|move|p2a: Flutter Mane|Dazzling Gleam|p1b: Murkrow|[spread] p1a,p1b
|-supereffective|p1b: Murkrow
|-damage|p1a: Brambleghast|33\/100
|-damage|p1b: Murkrow|0 fnt
|faint|p1b: Murkrow
|
|upkeep
|
|t:|1688964142
|switch|p1b: Abomasnow|Abomasnow, L50, M|100\/100
|-weather|Snow|[from] ability: Snow Warning|[of] p1b: Abomasnow
|turn|2
|
|t:|1688964177
|move|p1a: Brambleghast|Shadow Sneak|p2b: Chi-Yu
|-resisted|p2b: Chi-Yu
|-crit|p2b: Chi-Yu
|-damage|p2b: Chi-Yu|59\/131
|move|p2b: Chi-Yu|Dark Pulse|p1a: Brambleghast
|-supereffective|p1a: Brambleghast
|-damage|p1a: Brambleghast|0 fnt
|faint|p1a: Brambleghast
|move|p1b: Abomasnow|Blizzard|p2a: Flutter Mane|[spread] p2a,p2b
|-resisted|p2b: Chi-Yu
|-damage|p2a: Flutter Mane|34\/155
|-damage|p2b: Chi-Yu|40\/131
|-status|p2b: Chi-Yu|frz
|move|p2a: Flutter Mane|Trick Room|p2a: Flutter Mane
|-fieldstart|move: Trick Room|[of] p2a: Flutter Mane
|
|-weather|Snow|[upkeep]
|upkeep
|
|t:|1688964189
|switch|p1a: Glaceon|Glaceon, L50, M|100\/100
|turn|3
|
|t:|1688964211
|move|p2a: Flutter Mane|Protect|p2a: Flutter Mane
|-singleturn|p2a: Flutter Mane|Protect
|move|p1b: Abomasnow|Aurora Veil|p1b: Abomasnow
|-sidestart|p1: rapid117|move: Aurora Veil
|cant|p2b: Chi-Yu|frz
|move|p1a: Glaceon|Blizzard|p2a: Flutter Mane|[spread] p2b
|-activate|p2a: Flutter Mane|move: Protect
|-resisted|p2b: Chi-Yu
|-damage|p2b: Chi-Yu|13\/131 frz
|
|-weather|Snow|[upkeep]
|upkeep
|turn|4
|
|t:|1688964234
|-terastallize|p1a: Glaceon|Ghost
|move|p2a: Flutter Mane|Dazzling Gleam|p1a: Glaceon|[spread] p1a,p1b
|-crit|p1a: Glaceon
|-damage|p1a: Glaceon|53\/100
|-damage|p1b: Abomasnow|82\/100
|move|p1b: Abomasnow|Blizzard|p2a: Flutter Mane|[spread] p2a,p2b
|-resisted|p2b: Chi-Yu
|-damage|p2a: Flutter Mane|0 fnt
|-damage|p2b: Chi-Yu|0 fnt
|faint|p2a: Flutter Mane
|-end|p2a: Flutter Mane|Protosynthesis|[silent]
|faint|p2b: Chi-Yu
|move|p1a: Glaceon|Blizzard|p2: Flutter Mane|[notarget]
|-fail|p1a: Glaceon
|
|-weather|Snow|[upkeep]
|-sideend|p1: rapid117|move: Tailwind
|upkeep
|
|t:|1688964250
|switch|p2a: Cresselia|Cresselia, L50, F|227\/227
|switch|p2b: Ursaluna|Ursaluna, L50, M|237\/237
|turn|5
|
|t:|1688964276
|-terastallize|p2b: Ursaluna|Water
|move|p2a: Cresselia|Ally Switch|p2a: Cresselia
|swap|p2a: Cresselia|1|[from] move: Ally Switch
|move|p2a: Ursaluna|Earthquake|p1b: Abomasnow|[spread] p1a,p1b
|-immune|p2b: Cresselia|[from] ability: Levitate
|-resisted|p1b: Abomasnow
|-damage|p1a: Glaceon|23\/100
|-damage|p1b: Abomasnow|71\/100
|move|p1b: Abomasnow|Blizzard|p2b: Cresselia|[spread] p2a,p2b
|-resisted|p2a: Ursaluna
|-damage|p2a: Ursaluna|210\/237
|-damage|p2b: Cresselia|190\/227
|move|p1a: Glaceon|Blizzard|p2a: Ursaluna|[spread] p2a,p2b
|-resisted|p2a: Ursaluna
|-damage|p2a: Ursaluna|173\/237
|-damage|p2b: Cresselia|139\/227
|
|-weather|Snow|[upkeep]
|-status|p2a: Ursaluna|brn|[from] item: Flame Orb
|upkeep
|turn|6
|
|t:|1688964309
|move|p1a: Glaceon|Protect|p1a: Glaceon
|-singleturn|p1a: Glaceon|Protect
|move|p2a: Ursaluna|Facade|p1b: Abomasnow
|-damage|p1b: Abomasnow|4\/100
|-enditem|p1b: Abomasnow|Sitrus Berry|[eat]
|-heal|p1b: Abomasnow|28\/100|[from] item: Sitrus Berry
|move|p1b: Abomasnow|Energy Ball|p2a: Ursaluna
|-supereffective|p2a: Ursaluna
|-damage|p2a: Ursaluna|39\/237 brn
|-unboost|p2a: Ursaluna|spd|1
|move|p2b: Cresselia|Lunar Blessing|p2b: Cresselia|[spread] p2a,p2b
|-heal|p2a: Ursaluna|98\/237 brn
|-curestatus|p2a: Ursaluna|brn|[msg]
|-heal|p2b: Cresselia|196\/227
|
|-weather|none
|-fieldend|move: Trick Room
|-status|p2a: Ursaluna|brn|[from] item: Flame Orb
|upkeep
|turn|7
|
|t:|1688964341
|move|p2a: Ursaluna|Protect|p2a: Ursaluna
|-singleturn|p2a: Ursaluna|Protect
|move|p1a: Glaceon|Freeze-Dry|p2a: Ursaluna
|-activate|p2a: Ursaluna|move: Protect
|move|p1b: Abomasnow|Energy Ball|p2b: Cresselia
|-damage|p2b: Cresselia|157\/227
|move|p2b: Cresselia|Trick Room|p2b: Cresselia
|-fieldstart|move: Trick Room|[of] p2b: Cresselia
|
|-damage|p2a: Ursaluna|84\/237 brn|[from] brn
|-sideend|p1: rapid117|move: Aurora Veil
|upkeep
|turn|8
|
|t:|1688964364
|move|p2a: Ursaluna|Earthquake|p1b: Abomasnow|[spread] p1a,p1b
|-immune|p2b: Cresselia|[from] ability: Levitate
|-resisted|p1b: Abomasnow
|-damage|p1a: Glaceon|0 fnt
|-damage|p1b: Abomasnow|0 fnt
|faint|p1a: Glaceon
|faint|p1b: Abomasnow
|
|win|yasu1000
|raw|rapid117's rating: 1000 &rarr; <strong>1000<\/strong><br \/>(+0 for losing)
|raw|yasu1000's rating: 1000 &rarr; <strong>1040<\/strong><br \/>(+40 for winning)
|l|☆rapid117</script>
</div>
<div class="battle-log battle-log-inline"><div class="inner"><div class="battle-options"><div style="padding-top: 3px; padding-right: 3px; text-align: right"><button class="icon button" name="openBattleOptions" title="Options">Battle Options</button></div></div><div class="inner message-log"><div class="chat"><small>☆rapid117 and ☆yasu1000 joined</small></div><div class=""><small>Format:</small> <br><strong>[Gen 9] VGC 2023 Regulation D</strong></div><div class="rated"><strong>Rated battle</strong></div><div class=""><small><em>Species Clause:</em> Limit one of each Pokémon</small></div><div class=""><small><em>Item Clause:</em> Limit one of each item</small></div><div class="chat battle-history"><strong>rapid117's team:</strong> <em style="color:#445566;display:block;">Brambleghast / Murkrow / Glimmora / Pawmot / Glaceon / Abomasnow</em></div><div class="chat battle-history"><strong>yasu1000's team:</strong> <em style="color:#445566;display:block;">Flutter Mane / Chi-Yu / Chien-Pao / Dragonite / Cresselia / Ursaluna</em></div><div class="spacer battle-history"><br></div><div class="battle-history">Battle started between rapid117 and yasu1000!<br></div><div class="spacer battle-history"><br></div><div class="battle-history">rapid117 sent out <strong>Brambleghast</strong>!<br></div><div class="spacer battle-history"><br></div><div class="battle-history">rapid117 sent out <strong>Murkrow</strong>!<br></div><div class="spacer battle-history"><br></div><div class="battle-history">Go! <strong>Flutter Mane</strong>!<br></div><div class="spacer battle-history"><br></div><div class="battle-history">Go! <strong>Chi-Yu</strong>!<br></div><div class="battle-history">[Chi-Yu's Beads of Ruin]<br><small>Chi-Yu's Beads of Ruin weakened the Sp. Def of all surrounding Pokémon!</small><br></div><div class="spacer battle-history"><br></div><h2 class="battle-history">Turn 1</h2><div class="spacer battle-history"><br></div><div class="battle-history">The opposing Brambleghast used <strong>Shadow Sneak</strong>!<br></div><div class="battle-history"><small>It's super effective!</small><br></div><div class="battle-history"><small>(Flutter Mane lost <abbr title="−110/155">71.0%</abbr> of its health!)</small><br></div><div class="battle-history"><small>(Flutter Mane ate its Sitrus Berry!)</small><br></div><div class="battle-history"><small>Flutter Mane restored HP using its Sitrus Berry!</small><br></div><div class="spacer battle-history"><br></div><div class="battle-history">The opposing Murkrow used <strong>Tailwind</strong>!<br></div><div class="battle-history"><small>The Tailwind blew from behind the opposing team!</small><br></div><div class="battle-history">[The opposing Brambleghast's Wind Rider]<br></div><div class="battle-history"><small>The opposing Brambleghast's Attack rose!</small><br></div><div class="spacer battle-history"><br></div><div class="battle-history">Chi-Yu used <strong>Heat Wave</strong>!<br></div><div class="battle-history">[The opposing Brambleghast's Wind Rider]<br></div><div class="battle-history"><small>The opposing Brambleghast's Attack rose!</small><br></div><div class="battle-history"><small>(The opposing Murkrow lost 66% of its health!)</small><br></div><div class="spacer battle-history"><br></div><div class="battle-history">Flutter Mane used <strong>Dazzling Gleam</strong>!<br></div><div class="battle-history"><small>It's super effective on the opposing Murkrow!</small><br></div><div class="battle-history"><small>(The opposing Brambleghast lost 67% of its health!)</small><br></div><div class="battle-history"><small>(The opposing Murkrow lost 34% of its health!)</small><br></div><div class="spacer battle-history"><br></div><div class="battle-history">The opposing Murkrow fainted!<br></div><div class="spacer battle-history"><br></div><div class="battle-history">rapid117 sent out <strong>Abomasnow</strong>!<br></div><div class="battle-history">[The opposing Abomasnow's Snow Warning]<br><small>It started to snow!</small><br></div><div class="spacer battle-history"><br></div><h2 class="battle-history">Turn 2</h2><div class="spacer battle-history"><br></div><div class="battle-history">The opposing Brambleghast used <strong>Shadow Sneak</strong>!<br></div><div class="battle-history"><small>It's not very effective...</small><br></div><div class="battle-history"><small>A critical hit!</small><br></div><div class="battle-history"><small>(Chi-Yu lost <abbr title="−72/131">55.0%</abbr> of its health!)</small><br></div><div class="spacer battle-history"><br></div><div class="battle-history">Chi-Yu used <strong>Dark Pulse</strong>!<br></div><div class="battle-history"><small>It's super effective!</small><br></div><div class="battle-history"><small>(The opposing Brambleghast lost 33% of its health!)</small><br></div><div class="spacer battle-history"><br></div><div class="battle-history">The opposing Brambleghast fainted!<br></div><div class="battle-history">The opposing Abomasnow used <strong>Blizzard</strong>!<br></div><div class="battle-history"><small>It's not very effective on Chi-Yu.</small><br></div><div class="battle-history"><small>(Flutter Mane lost <abbr title="−49/155">31.6%</abbr> of its health!)</small><br></div><div class="battle-history"><small>(Chi-Yu lost <abbr title="−19/131">14.5%</abbr> of its health!)</small><br></div><div class="battle-history"><small>Chi-Yu was frozen solid!</small><br></div><div class="spacer battle-history"><br></div><div class="battle-history">Flutter Mane used <strong>Trick Room</strong>!<br></div><div class="battle-history"><small>Flutter Mane twisted the dimensions!</small><br></div><div class="spacer battle-history"><br></div><div class="battle-history"><small>(The snow is falling down.)</small><br></div><div class="spacer battle-history"><br></div><div class="battle-history">rapid117 sent out <strong>Glaceon</strong>!<br></div><div class="spacer battle-history"><br></div><h2 class="battle-history">Turn 3</h2><div class="spacer battle-history"><br></div><div class="battle-history">Flutter Mane used <strong>Protect</strong>!<br></div><div class="battle-history"><small>Flutter Mane protected itself!</small><br></div><div class="spacer battle-history"><br></div><div class="battle-history">The opposing Abomasnow used <strong>Aurora Veil</strong>!<br></div><div class="battle-history"><small>Aurora Veil made the opposing team stronger against physical and special moves!</small><br></div><div class="spacer battle-history"><br></div><div class="battle-history">Chi-Yu is frozen solid!<br></div><div class="spacer battle-history"><br></div><div class="battle-history">The opposing Glaceon used <strong>Blizzard</strong>!<br></div><div class="battle-history"><small>Flutter Mane protected itself!</small><br></div><div class="battle-history"><small>It's not very effective on Chi-Yu.</small><br></div><div class="battle-history"><small>(Chi-Yu lost <abbr title="−27/131">20.6%</abbr> of its health!)</small><br></div><div class="spacer battle-history"><br></div><div class="battle-history"><small>(The snow is falling down.)</small><br></div><div class="spacer battle-history"><br></div><h2 class="battle-history">Turn 4</h2><div class="spacer battle-history"><br></div><div class="battle-history"><small>The opposing Glaceon has Terastallized into the Ghost-type!</small><br></div><div class="spacer battle-history"><br></div><div class="battle-history">Flutter Mane used <strong>Dazzling Gleam</strong>!<br></div><div class="battle-history"><small>A critical hit on the opposing Glaceon!</small><br></div><div class="battle-history"><small>(The opposing Glaceon lost 47% of its health!)</small><br></div><div class="battle-history"><small>(The opposing Abomasnow lost 18% of its health!)</small><br></div><div class="spacer battle-history"><br></div><div class="battle-history">The opposing Abomasnow used <strong>Blizzard</strong>!<br></div><div class="battle-history"><small>It's not very effective on Chi-Yu.</small><br></div><div class="battle-history"><small>(Flutter Mane lost <abbr title="−34/155">21.9%</abbr> of its health!)</small><br></div><div class="battle-history"><small>(Chi-Yu lost <abbr title="−13/131">9.9%</abbr> of its health!)</small><br></div><div class="spacer battle-history"><br></div><div class="battle-history">Flutter Mane fainted!<br></div><div class="spacer battle-history"><br></div><div class="battle-history">Chi-Yu fainted!<br></div><div class="battle-history">The opposing Glaceon used <strong>Blizzard</strong>!<br></div><div class="battle-history"><small>But it failed!</small><br></div><div class="spacer battle-history"><br></div><div class="battle-history"><small>(The snow is falling down.)</small><br></div><div class="battle-history"><small>The opposing team's Tailwind petered out!</small><br></div><div class="spacer battle-history"><br></div><div class="battle-history">Go! <strong>Cresselia</strong>!<br></div><div class="spacer battle-history"><br></div><div class="battle-history">Go! <strong>Ursaluna</strong>!<br></div><div class="spacer battle-history"><br></div><h2 class="battle-history">Turn 5</h2><div class="spacer battle-history"><br></div><div class="battle-history"><small>Ursaluna has Terastallized into the Water-type!</small><br></div><div class="spacer battle-history"><br></div><div class="battle-history">Cresselia used <strong>Ally Switch</strong>!<br></div><div class="battle-history">Cresselia and Ursaluna switched places!<br></div><div class="spacer battle-history"><br></div><div class="battle-history">Ursaluna used <strong>Earthquake</strong>!<br></div><div class="battle-history">[Cresselia's Levitate]<br><small>It doesn't affect Cresselia...</small><br></div><div class="battle-history"><small>It's not very effective on the opposing Abomasnow.</small><br></div><div class="battle-history"><small>(The opposing Glaceon lost 30% of its health!)</small><br></div><div class="battle-history"><small>(The opposing Abomasnow lost 11% of its health!)</small><br></div><div class="spacer battle-history"><br></div><div class="battle-history">The opposing Abomasnow used <strong>Blizzard</strong>!<br></div><div class="battle-history"><small>It's not very effective on Ursaluna.</small><br></div><div class="battle-history"><small>(Ursaluna lost <abbr title="−27/237">11.4%</abbr> of its health!)</small><br></div><div class="battle-history"><small>(Cresselia lost <abbr title="−37/227">16.3%</abbr> of its health!)</small><br></div><div class="spacer battle-history"><br></div><div class="battle-history">The opposing Glaceon used <strong>Blizzard</strong>!<br></div><div class="battle-history"><small>It's not very effective on Ursaluna.</small><br></div><div class="battle-history"><small>(Ursaluna lost <abbr title="−37/237">15.6%</abbr> of its health!)</small><br></div><div class="battle-history"><small>(Cresselia lost <abbr title="−51/227">22.5%</abbr> of its health!)</small><br></div><div class="spacer battle-history"><br></div><div class="battle-history"><small>(The snow is falling down.)</small><br></div><div class="battle-history"><small>Ursaluna was burned!</small><br></div><div class="spacer battle-history"><br></div><h2 class="battle-history">Turn 6</h2><div class="spacer battle-history"><br></div><div class="battle-history">The opposing Glaceon used <strong>Protect</strong>!<br></div><div class="battle-history"><small>The opposing Glaceon protected itself!</small><br></div><div class="spacer battle-history"><br></div><div class="battle-history">Ursaluna used <strong>Facade</strong>!<br></div><div class="battle-history"><small>(The opposing Abomasnow lost 67% of its health!)</small><br></div><div class="battle-history"><small>(The opposing Abomasnow ate its Sitrus Berry!)</small><br></div><div class="battle-history"><small>The opposing Abomasnow restored HP using its Sitrus Berry!</small><br></div><div class="spacer battle-history"><br></div><div class="battle-history">The opposing Abomasnow used <strong>Energy Ball</strong>!<br></div><div class="battle-history"><small>It's super effective!</small><br></div><div class="battle-history"><small>(Ursaluna lost <abbr title="−134/237">56.5%</abbr> of its health!)</small><br></div><div class="battle-history"><small>Ursaluna's Sp. Def fell!</small><br></div><div class="spacer battle-history"><br></div><div class="battle-history">Cresselia used <strong>Lunar Blessing</strong>!<br></div><div class="battle-history"><small>Ursaluna had its HP restored.</small><br></div><div class="battle-history"><small>Ursaluna's burn was healed!</small><br></div><div class="battle-history"><small>Cresselia had its HP restored.</small><br></div><div class="spacer battle-history"><br></div><div class="battle-history"><small>The snow stopped.</small><br></div><div class="battle-history"><small>The twisted dimensions returned to normal!</small><br></div><div class="battle-history"><small>Ursaluna was burned!</small><br></div><div class="spacer battle-history"><br></div><h2 class="battle-history">Turn 7</h2><div class="spacer battle-history"><br></div><div class="battle-history">Ursaluna used <strong>Protect</strong>!<br></div><div class="battle-history"><small>Ursaluna protected itself!</small><br></div><div class="spacer battle-history"><br></div><div class="battle-history">The opposing Glaceon used <strong>Freeze-Dry</strong>!<br></div><div class="battle-history"><small>Ursaluna protected itself!</small><br></div><div class="spacer battle-history"><br></div><div class="battle-history">The opposing Abomasnow used <strong>Energy Ball</strong>!<br></div><div class="battle-history"><small>(Cresselia lost <abbr title="−39/227">17.2%</abbr> of its health!)</small><br></div><div class="spacer battle-history"><br></div><div class="battle-history">Cresselia used <strong>Trick Room</strong>!<br></div><div class="battle-history"><small>Cresselia twisted the dimensions!</small><br></div><div class="spacer battle-history"><br></div><div class="battle-history"><small>Ursaluna was hurt by its burn!</small><br></div><div class="battle-history"><small>The opposing team's Aurora Veil wore off!</small><br></div><div class="spacer battle-history"><br></div><h2 class="battle-history">Turn 8</h2><div class="spacer battle-history"><br></div><div class="battle-history">Ursaluna used <strong>Earthquake</strong>!<br></div><div class="battle-history">[Cresselia's Levitate]<br><small>It doesn't affect Cresselia...</small><br></div><div class="battle-history"><small>It's not very effective on the opposing Abomasnow.</small><br></div><div class="battle-history"><small>(The opposing Glaceon lost 23% of its health!)</small><br></div><div class="battle-history"><small>(The opposing Abomasnow lost 28% of its health!)</small><br></div><div class="spacer battle-history"><br></div><div class="battle-history">The opposing Glaceon fainted!<br></div><div class="battle-history">The opposing Abomasnow fainted!<br></div><div class="spacer battle-history"><br></div><div class="battle-history"><strong>yasu1000</strong> won the battle!<br></div><div class="chat">rapid117's rating: 1000 → <strong>1000</strong><br>(+0 for losing)</div><div class="chat">yasu1000's rating: 1000 → <strong>1040</strong><br>(+40 for winning)</div><div class="chat"><small>☆rapid117 left</small></div></div><div class="inner-preempt message-log"></div></div></div>
</div>
<script>
let daily = Math.floor(Date.now()/1000/60/60/24);document.write('<script src="https://play.pokemonshowdown.com/js/replay-embed.js?version'+daily+'"></'+'script>');
</script>
