<!DOCTYPE html>
<meta charset="utf-8" />
<!-- version 1 -->
<title>[Gen 9 Champions] VGC 2026 Reg M-A replay: hypocia vs. yasu1000</title>
<style>
html,body {font-family:Verdana, sans-serif;font-size:10pt;margin:0;padding:0;}body{padding:12px 0;} .battle-log {font-family:Verdana, sans-serif;font-size:10pt;} .battle-log-inline {border:1px solid #AAAAAA;background:#EEF2F5;color:black;max-width:640px;margin:0 auto 80px;padding-bottom:5px;} .battle-log .inner {padding:4px 8px 0px 8px;} .battle-log .inner-preempt {padding:0 8px 4px 8px;} .battle-log .inner-after {margin-top:0.5em;} .battle-log h2 {margin:0.5em -8px;padding:4px 8px;border:1px solid #AAAAAA;background:#E0E7EA;border-left:0;border-right:0;font-family:Verdana, sans-serif;font-size:13pt;} .battle-log .chat {vertical-align:middle;padding:3px 0 3px 0;font-size:8pt;} .battle-log .chat strong {color:#40576A;} .battle-log .chat em {padding:1px 4px 1px 3px;color:#000000;font-style:normal;} .chat.mine {background:rgba(0,0,0,0.05);margin-left:-8px;margin-right:-8px;padding-left:8px;padding-right:8px;} .spoiler {color:#BBBBBB;background:#BBBBBB;padding:0px 3px;} .spoiler:hover, .spoiler:active, .spoiler-shown {color:#000000;background:#E2E2E2;padding:0px 3px;} .spoiler a {color:#BBBBBB;} .spoiler:hover a, .spoiler:active a, .spoiler-shown a {color:#2288CC;} .chat code, .chat .spoiler:hover code, .chat .spoiler:active code, .chat .spoiler-shown code {border:1px solid #C0C0C0;background:#EEEEEE;color:black;padding:0 2px;} .chat .spoiler code {border:1px solid #CCCCCC;background:#CCCCCC;color:#CCCCCC;} .battle-log .rated {padding:3px 4px;} .battle-log .rated strong {color:white;background:#89A;padding:1px 4px;border-radius:4px;} .spacer {margin-top:0.5em;} .message-announce {background:#6688AA;color:white;padding:1px 4px 2px;} .message-announce a, .broadcast-green a, .broadcast-blue a, .broadcast-red a {color:#DDEEFF;} .broadcast-green {background-color:#559955;color:white;padding:2px 4px;} .broadcast-blue {background-color:#6688AA;color:white;padding:2px 4px;} .infobox {border:1px solid #6688AA;padding:2px 4px;} .infobox-limited {max-height:200px;overflow:auto;overflow-x:hidden;} .broadcast-red {background-color:#AA5544;color:white;padding:2px 4px;} .message-learn-canlearn {font-weight:bold;color:#228822;text-decoration:underline;} .message-learn-cannotlearn {font-weight:bold;color:#CC2222;text-decoration:underline;} .message-effect-weak {font-weight:bold;color:#CC2222;} .message-effect-resist {font-weight:bold;color:#6688AA;} .message-effect-immune {font-weight:bold;color:#666666;} .message-learn-list {margin-top:0;margin-bottom:0;} .message-throttle-notice, .message-error {color:#992222;} .message-overflow, .chat small.message-overflow {font-size:0pt;} .message-overflow::before {font-size:9pt;content:'...';} .subtle {color:#3A4A66;}
</style>
<div class="wrapper replay-wrapper" style="max-width:1180px;margin:0 auto">
<input type="hidden" name="replayid" value="gen9championsvgc2026regma-2617274005-575dg0ttqvjxem26hkmlxr2x9sqirsepw" />
<div class="battle"></div><div class="battle-log"></div><div class="replay-controls"></div><div class="replay-controls-2"></div>
<h1 style="font-weight:normal;text-align:center"><strong>[Gen 9 Champions] VGC 2026 Reg M-A</strong><br /><a href="http://pokemonshowdown.com/users/hypocia" class="subtle" target="_blank">hypocia</a> vs. <a href="http://pokemonshowdown.com/users/yasu1000" class="subtle" target="_blank">yasu1000</a></h1>
<script type="text/plain" class="battle-log-data">|j|☆hypocia
|j|☆yasu1000

|t:|1779667187
|gametype|doubles
|player|p1|hypocia|brycenman|1229
|player|p2|yasu1000|102|1214
|gen|9
|tier|[Gen 9 Champions] VGC 2026 Reg M-A
|rated|
|rule|Species Clause: Limit one of each Pokémon
|rule|Item Clause: Limit 1 of each item
|clearpoke
|poke|p1|Politoed, L50, M|
|poke|p1|Sneasler, L50, M|
|poke|p1|Volcarona, L50, F|
|poke|p1|Gardevoir, L50, M|
|poke|p1|Kingambit, L50, M|
|poke|p1|Garchomp, L50, M|
|poke|p2|Floette-Eternal, L50, F|
|poke|p2|Basculegion, L50, M|
|poke|p2|Kingambit, L50, F|
|poke|p2|Dragonite, L50, F|
|poke|p2|Maushold-Four, L50|
|poke|p2|Delphox, L50, F|
|teampreview|4
|uhtml|otsrequest|<button name="send" value="\/acceptopenteamsheets" class="button" style="margin-right: 10px;"><strong>Accept Open Team Sheets<\/strong><\/button><button name="send" value="\/rejectopenteamsheets" class="button" style="margin-top: 10px"><strong>Deny Open Team Sheets<\/strong><\/button>
|inactive|Battle timer is ON: inactive players will automatically lose when time's up. (requested by hypocia)
|inactive|Time left: 90 sec this turn | 420 sec total | 90 sec grace
|inactive|yasu1000 has 60 seconds left.
|
|t:|1779667223
|teamsize|p1|4
|teamsize|p2|4
|start
|uhtmlchange|otsrequest|
|switch|p1a: Volcarona|Volcarona, L50, F|100\/100
|switch|p1b: Gardevoir|Gardevoir, L50, M|100\/100
|switch|p2a: Floette|Floette-Eternal, L50, F|151\/151
|switch|p2b: Basculegion|Basculegion, L50, M|195\/195
|turn|1
|inactive|Time left: 55 sec this turn | 420 sec total
|inactive|hypocia has 30 seconds left.
|
|t:|1779667253
|detailschange|p1b: Gardevoir|Gardevoir-Mega, L50, M
|-mega|p1b: Gardevoir|Gardevoir|Gardevoirite
|move|p2a: Floette|Protect|p2a: Floette
|-singleturn|p2a: Floette|Protect
|move|p2b: Basculegion|Liquidation|p1a: Volcarona
|-supereffective|p1a: Volcarona|1
|-damage|p1a: Volcarona|0 fnt
|faint|p1a: Volcarona
|move|p1b: Gardevoir|Hyper Voice|p2b: Basculegion|[spread] p2b
|-activate|p2a: Floette|move: Protect
|-crit|p2b: Basculegion
|-damage|p2b: Basculegion|35\/195
|
|upkeep
|
|t:|1779667261
|switch|p1a: Sneasler|Sneasler, L50, M|100\/100
|turn|2
|inactive|Time left: 55 sec this turn | 400 sec total
|
|t:|1779667283
|switch|p2b: Maushold|Maushold-Four, L50|181\/181
|detailschange|p2a: Floette|Floette-Mega, L50, F
|-mega|p2a: Floette|Floette|Floettite
|-ability|p2a: Floette|Fairy Aura
|move|p1a: Sneasler|Dire Claw|p2a: Floette
|-supereffective|p2a: Floette|1
|-damage|p2a: Floette|24\/151
|move|p2a: Floette|Dazzling Gleam|p1a: Sneasler|[spread] p1a,p1b
|-damage|p1a: Sneasler|29\/100
|-damage|p1b: Gardevoir|53\/100
|move|p1b: Gardevoir|Hyper Voice|p2a: Floette|[spread] p2a,p2b
|-damage|p2a: Floette|0 fnt
|-damage|p2b: Maushold|34\/181
|faint|p2a: Floette
|
|upkeep
|inactive|Time left: 55 sec this turn | 380 sec total
|inactive|yasu1000 has 30 seconds left.
|inactive|yasu1000 has 20 seconds left.
|
|t:|1779667319
|switch|p2a: Basculegion|Basculegion, L50, M|35\/195
|turn|3
|inactive|Time left: 55 sec this turn | 345 sec total
|
|t:|1779667331
|move|p2b: Maushold|Follow Me|p2b: Maushold
|-singleturn|p2b: Maushold|move: Follow Me
|move|p1a: Sneasler|Dire Claw|p2b: Maushold
|-crit|p2b: Maushold
|-damage|p2b: Maushold|0 fnt
|faint|p2b: Maushold
|move|p2a: Basculegion|Last Respects|p1b: Gardevoir
|-supereffective|p1b: Gardevoir|1
|-damage|p1b: Gardevoir|0 fnt
|faint|p1b: Gardevoir
|
|upkeep
|inactive|Time left: 55 sec this turn | 335 sec total
|
|t:|1779667341
|switch|p2b: Dragonite|Dragonite, L50, F|185\/185
|switch|p1b: Kingambit|Kingambit, L50, M|100\/100
|turn|4
|inactive|Time left: 55 sec this turn | 330 sec total
|inactive|hypocia has 30 seconds left.
|
|t:|1779667368
|move|p1a: Sneasler|Protect|p1a: Sneasler
|-singleturn|p1a: Sneasler|Protect
|move|p1b: Kingambit|Protect|p1b: Kingambit
|-singleturn|p1b: Kingambit|Protect
|move|p2b: Dragonite|Extreme Speed|p1a: Sneasler
|-activate|p1a: Sneasler|move: Protect
|move|p2a: Basculegion|Aqua Jet|p1b: Kingambit
|-activate|p1b: Kingambit|move: Protect
|
|upkeep
|turn|5
|inactive|Time left: 55 sec this turn | 325 sec total
|
|t:|1779667383
|move|p2b: Dragonite|Extreme Speed|p1a: Sneasler
|-damage|p1a: Sneasler|0 fnt
|faint|p1a: Sneasler
|move|p2a: Basculegion|Liquidation|p1b: Kingambit
|-damage|p1b: Kingambit|55\/100
|-unboost|p1b: Kingambit|def|1
|-ability|p1b: Kingambit|Defiant|boost
|-boost|p1b: Kingambit|atk|2
|move|p1b: Kingambit|Kowtow Cleave|p2a: Basculegion
|-supereffective|p2a: Basculegion|1
|-damage|p2a: Basculegion|0 fnt
|faint|p2a: Basculegion
|
|upkeep
|turn|6
|inactive|Time left: 55 sec this turn | 310 sec total
|
|t:|1779667400
|move|p2b: Dragonite|Low Kick|p1b: Kingambit
|-supereffective|p1b: Kingambit|2
|-enditem|p1b: Kingambit|Chople Berry|[eat]
|-enditem|p1b: Kingambit|Chople Berry|[weaken]
|-damage|p1b: Kingambit|0 fnt
|faint|p1b: Kingambit
|
|win|yasu1000
|raw|hypocia's rating: 1210 &rarr; <strong>1185<\/strong><br \/>(-25 for losing)
|raw|yasu1000's rating: 1214 &rarr; <strong>1239<\/strong><br \/>(+25 for winning)
|l|☆hypocia</script>
</div>
<div class="battle-log battle-log-inline"><div class="inner"><div class="battle-options"><div style="padding-top: 3px; padding-right: 3px; text-align: right"><button class="icon button" name="openBattleOptions" title="Options">Battle Options</button></div></div><div class="inner message-log"><div class="chat"><small>☆hypocia and ☆yasu1000 joined</small></div><div class=""><small>Format:</small> <br><strong>[Gen 9 Champions] VGC 2026 Reg M-A</strong></div><div class="rated"><strong>Rated battle</strong></div><div class=""><small><em>Species Clause:</em> Limit one of each Pokémon</small></div><div class=""><small><em>Item Clause:</em> Limit 1 of each item</small></div><div class="chat battle-history"><strong>hypocia's team:</strong> <em style="color:#445566;display:block;">Politoed / Sneasler / Volcarona / Gardevoir / Kingambit / Garchomp</em></div><div class="chat battle-history"><strong>yasu1000's team:</strong> <em style="color:#445566;display:block;">Floette-Eternal / Basculegion / Kingambit / Dragonite / Maushold-Four / Delphox</em></div><div class="chat message-error">Battle timer is ON: inactive players will automatically lose when time's up. (requested by hypocia)</div><div class="chat message-error">yasu1000 has 60 seconds left.</div><div class="spacer battle-history"><br></div><div class="battle-history">Battle started between hypocia and yasu1000!<br></div><div class="spacer battle-history"><br></div><div class="battle-history">hypocia sent out <strong>Volcarona</strong>!<br></div><div class="spacer battle-history"><br></div><div class="battle-history">hypocia sent out <strong>Gardevoir</strong>!<br></div><div class="spacer battle-history"><br></div><div class="battle-history">Go! Floette (<strong>Floette-Eternal</strong>)!<br></div><div class="spacer battle-history"><br></div><div class="battle-history">Go! <strong>Basculegion</strong>!<br></div><div class="spacer battle-history"><br></div><h2 class="battle-history">Turn 1</h2><div class="chat message-error">hypocia has 30 seconds left.</div><div class="spacer battle-history"><br></div><div class="battle-history"><small>The opposing Gardevoir's Gardevoirite is reacting to the Key Stone!</small><br>The opposing Gardevoir has Mega Evolved into Mega Gardevoir!<br></div><div class="spacer battle-history"><br></div><div class="battle-history">Floette used <strong>Protect</strong>!<br></div><div class="battle-history"><small>Floette protected itself!</small><br></div><div class="spacer battle-history"><br></div><div class="battle-history">Basculegion used <strong>Liquidation</strong>!<br></div><div class="battle-history"><small>It's super effective!</small><br></div><div class="battle-history"><small>(The opposing Volcarona lost 100% of its health!)</small><br></div><div class="spacer battle-history"><br></div><div class="battle-history">The opposing Volcarona fainted!<br></div><div class="battle-history">The opposing Gardevoir used <strong>Hyper Voice</strong>!<br></div><div class="battle-history"><small>Floette protected itself!</small><br></div><div class="battle-history"><small>A critical hit on Basculegion!</small><br></div><div class="battle-history"><small>(Basculegion lost <abbr title="−160/195">82.1%</abbr> of its health!)</small><br></div><div class="spacer battle-history"><br></div><div class="battle-history">hypocia sent out <strong>Sneasler</strong>!<br></div><div class="spacer battle-history"><br></div><h2 class="battle-history">Turn 2</h2><div class="spacer battle-history"><br></div><div class="battle-history">Basculegion, come back!<br></div><div class="battle-history">Go! Maushold (<strong>Maushold-Four</strong>)!<br></div><div class="spacer battle-history"><br></div><div class="battle-history"><small>Floette's Floettite is reacting to the Key Stone!</small><br>Floette has Mega Evolved into Mega Floette!<br></div><div class="battle-history">[Floette's Fairy Aura]<br><small>Floette is radiating a fairy aura!</small><br></div><div class="spacer battle-history"><br></div><div class="battle-history">The opposing Sneasler used <strong>Dire Claw</strong>!<br></div><div class="battle-history"><small>It's super effective!</small><br></div><div class="battle-history"><small>(Floette lost <abbr title="−127/151">84.1%</abbr> of its health!)</small><br></div><div class="spacer battle-history"><br></div><div class="battle-history">Floette used <strong>Dazzling Gleam</strong>!<br></div><div class="battle-history"><small>(The opposing Sneasler lost 71% of its health!)</small><br></div><div class="battle-history"><small>(The opposing Gardevoir lost 47% of its health!)</small><br></div><div class="spacer battle-history"><br></div><div class="battle-history">The opposing Gardevoir used <strong>Hyper Voice</strong>!<br></div><div class="battle-history"><small>(Floette lost <abbr title="−24/151">15.9%</abbr> of its health!)</small><br></div><div class="battle-history"><small>(Maushold lost <abbr title="−147/181">81.2%</abbr> of its health!)</small><br></div><div class="spacer battle-history"><br></div><div class="battle-history">Floette fainted!<br></div><div class="chat message-error">yasu1000 has 30 seconds left.</div><div class="chat message-error">yasu1000 has 20 seconds left.</div><div class="spacer battle-history"><br></div><div class="battle-history">Go! <strong>Basculegion</strong>!<br></div><div class="spacer battle-history"><br></div><h2 class="battle-history">Turn 3</h2><div class="spacer battle-history"><br></div><div class="battle-history">Maushold used <strong>Follow Me</strong>!<br></div><div class="battle-history"><small>Maushold became the center of attention!</small><br></div><div class="spacer battle-history"><br></div><div class="battle-history">The opposing Sneasler used <strong>Dire Claw</strong>!<br></div><div class="battle-history"><small>A critical hit!</small><br></div><div class="battle-history"><small>(Maushold lost <abbr title="−34/181">18.8%</abbr> of its health!)</small><br></div><div class="spacer battle-history"><br></div><div class="battle-history">Maushold fainted!<br></div><div class="battle-history">Basculegion used <strong>Last Respects</strong>!<br></div><div class="battle-history"><small>It's super effective!</small><br></div><div class="battle-history"><small>(The opposing Gardevoir lost 53% of its health!)</small><br></div><div class="spacer battle-history"><br></div><div class="battle-history">The opposing Gardevoir fainted!<br></div><div class="spacer battle-history"><br></div><div class="battle-history">Go! <strong>Dragonite</strong>!<br></div><div class="spacer battle-history"><br></div><div class="battle-history">hypocia sent out <strong>Kingambit</strong>!<br></div><div class="spacer battle-history"><br></div><h2 class="battle-history">Turn 4</h2><div class="chat message-error">hypocia has 30 seconds left.</div><div class="spacer battle-history"><br></div><div class="battle-history">The opposing Sneasler used <strong>Protect</strong>!<br></div><div class="battle-history"><small>The opposing Sneasler protected itself!</small><br></div><div class="spacer battle-history"><br></div><div class="battle-history">The opposing Kingambit used <strong>Protect</strong>!<br></div><div class="battle-history"><small>The opposing Kingambit protected itself!</small><br></div><div class="spacer battle-history"><br></div><div class="battle-history">Dragonite used <strong>Extreme Speed</strong>!<br></div><div class="battle-history"><small>The opposing Sneasler protected itself!</small><br></div><div class="spacer battle-history"><br></div><div class="battle-history">Basculegion used <strong>Aqua Jet</strong>!<br></div><div class="battle-history"><small>The opposing Kingambit protected itself!</small><br></div><div class="spacer battle-history"><br></div><h2 class="battle-history">Turn 5</h2><div class="spacer battle-history"><br></div><div class="battle-history">Dragonite used <strong>Extreme Speed</strong>!<br></div><div class="battle-history"><small>(The opposing Sneasler lost 29% of its health!)</small><br></div><div class="spacer battle-history"><br></div><div class="battle-history">The opposing Sneasler fainted!<br></div><div class="battle-history">Basculegion used <strong>Liquidation</strong>!<br></div><div class="battle-history"><small>(The opposing Kingambit lost 45% of its health!)</small><br></div><div class="battle-history"><small>The opposing Kingambit's Defense fell!</small><br></div><div class="battle-history">[The opposing Kingambit's Defiant]<br></div><div class="battle-history"><small>The opposing Kingambit's Attack rose sharply!</small><br></div><div class="spacer battle-history"><br></div><div class="battle-history">The opposing Kingambit used <strong>Kowtow Cleave</strong>!<br></div><div class="battle-history"><small>It's super effective!</small><br></div><div class="battle-history"><small>(Basculegion lost <abbr title="−35/195">17.9%</abbr> of its health!)</small><br></div><div class="spacer battle-history"><br></div><div class="battle-history">Basculegion fainted!<br></div><div class="spacer battle-history"><br></div><h2 class="battle-history">Turn 6</h2><div class="spacer battle-history"><br></div><div class="battle-history">Dragonite used <strong>Low Kick</strong>!<br></div><div class="battle-history"><small>It's extremely effective!</small><br></div><div class="battle-history"><small>(The opposing Kingambit ate its Chople Berry!)</small><br></div><div class="battle-history"><small>The Chople Berry weakened the damage to the opposing Kingambit!</small><br></div><div class="battle-history"><small>(The opposing Kingambit lost 55% of its health!)</small><br></div><div class="spacer battle-history"><br></div><div class="battle-history">The opposing Kingambit fainted!<br></div><div class="spacer battle-history"><br></div><div class="battle-history"><strong>yasu1000</strong> won the battle!<br></div><div class="chat">hypocia's rating: 1210 → <strong>1185</strong><br>(-25 for losing)</div><div class="chat">yasu1000's rating: 1214 → <strong>1239</strong><br>(+25 for winning)</div><div class="chat"><small>☆hypocia left</small></div></div><div class="inner-preempt message-log"></div></div></div>
</div>
<script>
let daily = Math.floor(Date.now()/1000/60/60/24);document.write('<script src="https://play.pokemonshowdown.com/js/replay-embed.js?version'+daily+'"></'+'script>');
</script>
